@online{kaggle2017competition,
	author={},
	title={Quora Question Pairs | Kaggle},
	year={2017},
	url={https://www.kaggle.com/c/quora-question-pairs},
	urldate={2017-09-01}
}

@online{competition2017data,
  author={},
  title={Quora Question Pairs Data | Kaggle},
  year={2017},
  url={https://www.kaggle.com/c/quora-question-pairs/data},
  urldate={2017-09-01}  
}

@online{word2vec2015tutorial, 
  author={},
  title={Bag of Words meets Bags of Popcorn | Kaggle},
  year={2015},
  url={https://www.kaggle.com/c/word2vec-nlp-tutorial/data},
  urldate={2017-09-01}
}

@online{quora,
	author={},
	title={Home - Quora},
	year={2017},
	url={https://www.quora.com/},
	urldate={2017-09-01}
}


@online{kaggle,
	author={},
	title={Kaggle - Your Home for Data Science},
	year={2017},
	url={https://www.kaggle.com/},
	urldate={2017-09-01}
}


@book{van2009python,
  title={Python 3: Reference Manual},
  author={Van Rossum, Guido and Drake, Fred L and others},
  year={2009},
  publisher={SohoBooks}
}

@inproceedings{bird2006nltk,
  title={NLTK: the natural language toolkit},
  author={Bird, Steven},
  booktitle={Proceedings of the COLING/ACL on Interactive presentation sessions},
  pages={69--72},
  year={2006},
  organization={Association for Computational Linguistics}
}

@article{miller1995wordnet,
  title={WordNet: a lexical database for English},
  author={Miller, George A},
  journal={Communications of the ACM},
  volume={38},
  number={11},
  pages={39--41},
  year={1995},
  publisher={ACM}
}


@article{scikit_learn,
 title={Scikit-learn: Machine Learning in {P}ython},
 author={Pedregosa, F. and Varoquaux, G. and Gramfort, A. and Michel, V.
         and Thirion, B. and Grisel, O. and Blondel, M. and Prettenhofer, P.
         and Weiss, R. and Dubourg, V. and Vanderplas, J. and Passos, A. and
         Cournapeau, D. and Brucher, M. and Perrot, M. and Duchesnay, E.},
 journal={Journal of Machine Learning Research},
 volume={12},
 pages={2825--2830},
 year={2011}
}

@inproceedings{rehurek_lrec,
      title = {{Software Framework for Topic Modelling with Large Corpora}},
      author = {Radim {\v R}eh{\r u}{\v r}ek and Petr Sojka},
      booktitle = {{Proceedings of the LREC 2010 Workshop on New
           Challenges for NLP Frameworks}},
      pages = {45--50},
      year = 2010,
      month = May,
      day = 22,
      publisher = {ELRA},
      address = {Valletta, Malta},
      note={\url{http://is.muni.cz/publication/884893/en}},
      language={English}
}

@inproceedings{mikolov2013distributed,
  title={Distributed representations of words and phrases and their compositionality},
  author={Mikolov, Tomas and Sutskever, Ilya and Chen, Kai and Corrado, Greg S and Dean, Jeff},
  booktitle={Advances in neural information processing systems},
  pages={3111--3119},
  year={2013}
}

@misc{tensorflow2015whitepaper,
title={ {TensorFlow}: Large-Scale Machine Learning on Heterogeneous Systems},
url={http://tensorflow.org/},
note={Software available from tensorflow.org},
author={
    Mart\'{\i}n~Abadi and
    Ashish~Agarwal and
    Paul~Barham and
    Eugene~Brevdo and
    Zhifeng~Chen and
    Craig~Citro and
    Greg~S.~Corrado and
    Andy~Davis and
    Jeffrey~Dean and
    Matthieu~Devin and
    Sanjay~Ghemawat and
    Ian~Goodfellow and
    Andrew~Harp and
    Geoffrey~Irving and
    Michael~Isard and
    Yangqing Jia and
    Rafal~Jozefowicz and
    Lukasz~Kaiser and
    Manjunath~Kudlur and
    Josh~Levenberg and
    Dan~Man\'{e} and
    Rajat~Monga and
    Sherry~Moore and
    Derek~Murray and
    Chris~Olah and
    Mike~Schuster and
    Jonathon~Shlens and
    Benoit~Steiner and
    Ilya~Sutskever and
    Kunal~Talwar and
    Paul~Tucker and
    Vincent~Vanhoucke and
    Vijay~Vasudevan and
    Fernanda~Vi\'{e}gas and
    Oriol~Vinyals and
    Pete~Warden and
    Martin~Wattenberg and
    Martin~Wicke and
    Yuan~Yu and
    Xiaoqiang~Zheng},
  year={2015},
}

@article{kingma2014adam,
  title={Adam: A method for stochastic optimization},
  author={Kingma, Diederik and Ba, Jimmy},
  journal={arXiv preprint arXiv:1412.6980},
  year={2014}
}

@article{scholkopf1997comparing,
  title={Comparing support vector machines with Gaussian kernels to radial basis function classifiers},
  author={Scholkopf, Bernhard and Sung, Kah-Kay and Burges, Christopher JC and Girosi, Federico and Niyogi, Partha and Poggio, Tomaso and Vapnik, Vladimir},
  journal={IEEE transactions on Signal Processing},
  volume={45},
  number={11},
  pages={2758--2765},
  year={1997},
  publisher={IEEE}
}

@article{joachims1999svmlight,
  title={Svmlight: Support vector machine},
  author={Joachims, Thorsten},
  journal={SVM-Light Support Vector Machine http://svmlight. joachims. org/, University of Dortmund},
  volume={19},
  number={4},
  year={1999}
}